@online{1,
	ALTauthor = {Gartner, G.Frank, A.Retscher, G.},
	title = {Pedestrian Navigation System in Mixed Indoor/Outdoor Environment},
	url = {http://citeseerx.ist.psu.edu/viewdoc/download?doi=10.1.1.453.1137&rep=rep1&type=pdf},
	OPTsubtitle = {The NAVIO Project},
	OPTorganization = {Institut für Geodäsie und Geophysik},
	OPTmonth = {Dezembro},
	OPTyear = {2003},
	OPTpubstate = {TU Wien},
	OPTurldate = {09/04/2016}

}

@misc{Doe:2009:Online,
	author = {author},
	title = {Title of Citation},
	year = {2010 (accessed December 7, 2014)}, 
	howpublished = "\url{http://ieeexplore.ieee.org/xpl/login.jsp?tp=&arnumber=512737&url=http%3A%2F%2Fieeexplore.ieee.org%2Fxpls%2Fabs_all.jsp%3Farnumber%3D512737}"}
  
 
@misc{Doe:2009:Online,
	author = {author},
	title = {Title of Citation},
	year = {2010 (accessed December 7, 2014)}, 
	howpublished = "\url{https://www.researchgate.net/profile/Ling_Pei/publication/261876649_Motion_recognition_assisted_indoor_wireless_navigation_on_a_mobile_phone/links/0c960535c7a180ac6a000000.pdf	}"}
  
  

	