@inproceedings{asthana1994indoor,
	title={An indoor wireless system for personalized shopping assistance},
	author={Asthana, Abhaya and Cravatts, Mark and Krzyzanowski, Paul},
	booktitle={Mobile Computing Systems and Applications, 1994. Proceedings., Workshop on},
	pages={69--74},
	year={1994},
	organization={IEEE}
}
@inproceedings{pei2010motion,
	title={Motion recognition assisted indoor wireless navigation on a mobile phone},
	author={Pei, Ling and Chen, Ruizhi and Liu, Jingbin and Chen, Wei and Kuusniemi, Heidi and Tenhunen, Tomi and Kr{\"o}ger, Tuomo and Chen, Yuwei and Lepp{\"a}koski, Helena and Takala, Jarmo},
	booktitle={Proceedings of the 23rd International Technical Meeting of The Satellite Division of the Institute of Navigation},
	pages={3366--3375},
	year={2010}
}

@online{androidVersion,
	author = {Google Developers},
	title = {Dashboards - Platform Versions},
	year = 2016,
	url = {http://developer.android.com/about/dashboards/index.html#Platform},
	urldate = {24-04-2016}
}